@article{shannon1948,
  author    = {Claude E. Shannon},
  title     = {A Mathematical Theory of Communication},
  journal   = {Bell System Technical Journal},
  volume    = {27},
  number    = {3},
  pages     = {379--423},
  year      = {1948},
  publisher = {Bell Labs}
}
@article{hadamard1902problemes,
  author    = {Jacques Hadamard},
  title     = {Sur les problèmes aux dérivées partielles et leur signification physique},
  journal   = {Princeton University Bulletin},
  volume    = {13},
  pages     = {49--52},
  year      = {1902}
}
@article{fagin1974generalized,
  author    = {Ronald Fagin},
  title     = {Generalized first-order spectra and polynomial-time recognizable sets},
  journal   = {Complexity of Computation},
  pages     = {43--73},
  year      = {1974}
}

@book{immerman1999descriptive,
  author    = {Neil Immerman},
  title     = {Descriptive Complexity},
  publisher = {Springer},
  year      = {1999}
}

@inproceedings{telgarsky2016benefits,
  author    = {Matus Telgarsky},
  title     = {Benefits of depth in neural networks},
  booktitle = {Conference on Learning Theory (COLT)},
  pages     = {1517--1539},
  year      = {2016}
}

@article{hanin2019complexity,
  author    = {Boris Hanin},
  title     = {Universal function approximation by deep neural nets with bounded width and ReLU activations},
  journal   = {Mathematics},
  volume    = {7},
  number    = {10},
  pages     = {992},
  year      = {2019}
}

@inproceedings{weiss2021thinking,
  author    = {Gail Weiss and Yoav Goldberg and Eran Yahav},
  title     = {Thinking like transformers},
  booktitle = {Proceedings of NAACL-HLT},
  year      = {2021},
  pages     = {2249--2265}
}

@inproceedings{saxton2019analysing,
  author    = {David Saxton and Edward Grefenstette and Felix Hill and Pushmeet Kohli},
  title     = {Analysing mathematical reasoning abilities of neural models},
  booktitle = {International Conference on Learning Representations (ICLR)},
  year      = {2019}
}

@article{lanham2023logical,
  author    = {Eli Lanham and Dejan Nikoli{\'c}},
  title     = {Logical depth in large language models},
  journal   = {arXiv preprint arXiv:2311.14398},
  year      = {2023}
}


@article{tikhonov1963regularization,
  author    = {A. N. Tikhonov},
  title     = {Solution of incorrectly formulated problems and the regularization method},
  journal   = {Soviet Mathematics Doklady},
  volume    = {4},
  pages     = {1035--1038},
  year      = {1963}
}


@inproceedings{bender2020climbing,
  title     = {Climbing towards {NLU}: On Meaning, Form, and Understanding},
  author    = {Emily M. Bender and Alexander Koller},
  booktitle = {Proceedings of the 58th Annual Meeting of the Association for Computational Linguistics},
  year      = {2020},
  pages     = {5185--5198},
  url       = {https://aclanthology.org/2020.acl-main.463},
}

@book{cheney1966approx,
  author    = {E. W. Cheney},
  title     = {Introduction to Approximation Theory},
  publisher = {McGraw-Hill},
  year      = {1966},
  edition   = {1st},
  note      = {Modern exposition of Weierstrass approximation and interpolation stability}
}

@book{courant1924methoden,
  author    = {Richard Courant and David Hilbert},
  title     = {Methoden der mathematischen Physik},
  volume    = {1},
  year      = {1924},
  publisher = {J. Springer},
  note      = {English translation: Methods of Mathematical Physics, Interscience, 1953}
}

